<record><leader>00000cas a22000007a 4500</leader><controlfield tag="001">20696909</controlfield><controlfield tag="008">891127d188u1883ndudn ne      0    0eng d</controlfield><datafield ind1=" " ind2=" " tag="010"><subfield code="a">sn 89074406 </subfield></datafield><datafield ind1=" " ind2=" " tag="040"><subfield code="a">NOP</subfield><subfield code="b">eng</subfield><subfield code="c">NOP</subfield><subfield code="d">OCLCQ</subfield></datafield><datafield ind1=" " ind2=" " tag="042"><subfield code="a">msc</subfield></datafield><datafield ind1="0" ind2="0" tag="245"><subfield code="a">Grand Forks daily news.</subfield></datafield><datafield ind1="1" ind2="3" tag="246"><subfield code="a">Evening news</subfield></datafield><datafield ind1=" " ind2=" " tag="260"><subfield code="a">Grand Forks, Dakota [N.D.] :</subfield><subfield code="b">H.C. Hansbrough [and] J.S. Briscoe</subfield></datafield><datafield ind1=" " ind2=" " tag="300"><subfield code="a">3 v. :</subfield><subfield code="b">ill. ;</subfield><subfield code="c">53 cm.</subfield></datafield><datafield ind1=" " ind2=" " tag="310"><subfield code="a">Daily (except Sun.)</subfield></datafield><datafield ind1="0" ind2=" " tag="362"><subfield code="a">-v. 3, no. 386 (Sept. 22, 1883).</subfield></datafield><datafield ind1=" " ind2=" " tag="500"><subfield code="a">Publisher's block title: Evening news.</subfield></datafield><datafield ind1=" " ind2=" " tag="515"><subfield code="a">Numbering jumps from Vol. 2, no. 309 (June 23, 1883) to v. 3, no. 310 (June 25, 1883).</subfield></datafield><datafield ind1=" " ind2=" " tag="530"><subfield code="a">Available on microfilm from the State Historical Society of North Dakota.</subfield></datafield><datafield ind1=" " ind2=" " tag="588"><subfield code="a">Description based on: Vol. 2, no. 156 (Dec. 26, 1882).</subfield></datafield><datafield ind1=" " ind2=" " tag="752"><subfield code="a">United States</subfield><subfield code="b">North Dakota</subfield><subfield code="c">Grand Forks</subfield><subfield code="d">Grand Forks.</subfield></datafield><datafield ind1="0" ind2=" " tag="775"><subfield code="t">Grand Forks weekly news</subfield></datafield><datafield ind1="0" ind2="4" tag="785"><subfield code="t">Grand Forks daily herald (Grand Forks, N.D. : 1883)</subfield><subfield code="w">(DLC)sn 89074402</subfield></datafield><datafield ind1="1" ind2=" " tag="029"><subfield code="a">AU@</subfield><subfield code="b">000025874838</subfield></datafield></record>